@article{Kerr:1963ud,
    author = "Kerr, Roy P.",
    title = "{Gravitational field of a spinning mass as an example of algebraically special metrics}",
    doi = "10.1103/PhysRevLett.11.237",
    journal = "Phys. Rev. Lett.",
    volume = "11",
    pages = "237--238",
    year = "1963"
}

@article{Doroshkevich:1966,
  title = {Gravitational collapse of non-symmetric and rotating masses},
 author = {Doroshkevich, A. G.  and Zel'dovich, Ya.  B.  and Novikov,
  I. D. },
 volume = {22},
 pages = {122-130},
 journal = {Sov. Phys. JETP},
 year = {1966},
 url = {http://www.jetp.ac.ru/cgi-bin/e/index/e/22/1/p122?a=list},
}

@article{Israel:1967wq,
    author = "Israel, Werner",
    title = "{Event horizons in static vacuum space-times}",
    doi = "10.1103/PhysRev.164.1776",
    journal = "Phys. Rev.",
    volume = "164",
    pages = "1776--1779",
    year = "1967"
}

@article{Carter:1971zc,
    author = "Carter, B.",
    title = "{Axisymmetric Black Hole Has Only Two Degrees of Freedom}",
    doi = "10.1103/PhysRevLett.26.331",
    journal = "Phys. Rev. Lett.",
    volume = "26",
    pages = "331--333",
    year = "1971"
}

@article{Hawking:1971vc,
    author = "Hawking, S. W.",
    title = "{Black holes in general relativity}",
    doi = "10.1007/BF01877517",
    journal = "Commun. Math. Phys.",
    volume = "25",
    pages = "152--166",
    year = "1972"
}

@article{Hawking:1971tu,
    author = "Hawking, S.W.",
    title = "{Gravitational radiation from colliding black holes}",
    doi = "10.1103/PhysRevLett.26.1344",
    journal = "Phys. Rev. Lett.",
    volume = "26",
    pages = "1344--1346",
    year = "1971"
}

@article{Wald:1999vt,
    author = "Wald, Robert M.",
    title = "{The thermodynamics of black holes}",
    eprint = "gr-qc/9912119",
    archivePrefix = "arXiv",
    doi = "10.12942/lrr-2001-6",
    journal = "Living Rev. Rel.",
    volume = "4",
    pages = "6",
    year = "2001"
}

@article{Chrusciel:2000cu,
    author = "Chrusciel, Piotr T. and Delay, Erwann and Galloway, Gregory J. and Howard, Ralph",
    title = "{The Area theorem}",
    eprint = "gr-qc/0001003",
    archivePrefix = "arXiv",
    doi = "10.1007/PL00001029",
    journal = "Annales Henri Poincare",
    volume = "2",
    pages = "109--178",
    year = "2001"
}

@article{Robinson:1975bv,
    author = "Robinson, D. C.",
    title = "{Uniqueness of the Kerr black hole}",
    doi = "10.1103/PhysRevLett.34.905",
    journal = "Phys. Rev. Lett.",
    volume = "34",
    pages = "905--906",
    year = "1975"
}

@article{Mazur:1982db,
    author = "Mazur, P. O.",
    title = "{Proof of uniqueness of the Kerr-Newman black hole solution}",
    doi = "10.1088/0305-4470/15/10/021",
    journal = "J. Phys. A",
    volume = "15",
    pages = "3173--3180",
    year = "1982"
}

@phdthesis{Bunting,
  title = {Proof of the uniqueness conjecture for black holes},
  author = {Bunting, G.},
  school = {University of New England},
  address = {Armidale, N. S. W.},
  url = {https://une-edu-primo.hosted.exlibrisgroup.com/permalink/f/1ibn1hl/61UNE_ALMA2183087660002706},
  year = {1983},
}

@article{Dafermos:2008en,
      author         = "Dafermos, Mihalis and Rodnianski, Igor",
      title          = "{Lectures on black holes and linear waves}",
      booktitle      = "{Evolution equations: Proceedings, Clay Mathematics
                        Institute Summer School, Zurich, Switzerland, 23 Jun - 18
                        Jul, 2008}",
      journal        = "Clay Math. Proc.",
      volume         = "17",
      year           = "2013",
      pages          = "97-205",
      eprint         = "0811.0354",
      archivePrefix  = "arXiv",
      primaryClass   = "gr-qc",
      SLACcitation   = "%%CITATION = ARXIV:0811.0354;%%"
}

@article{Teukolsky:2014vca,
    author = "Teukolsky, Saul A.",
    title = "{The Kerr Metric}",
    eprint = "1410.2130",
    archivePrefix = "arXiv",
    primaryClass = "gr-qc",
    doi = "10.1088/0264-9381/32/12/124006",
    journal = "Class. Quant. Grav.",
    volume = "32",
    number = "12",
    pages = "124006",
    year = "2015"
}

@article{Vishveshwara:1970cc,
  title =        {Stability of the Schwarzschild Metric},
  author =       {Vishveshwara, C. V.},
  journal =      {Phys. Rev. D},
  volume =       {1},
  issue =        {10},
  pages =        {2870--2879},
  numpages =     {0},
  year =         {1970},
  month =        {May},
  publisher =    {American Physical Society},
  doi =          {10.1103/PhysRevD.1.2870},
  url =          {https://link.aps.org/doi/10.1103/PhysRevD.1.2870}
}

@article{Press:1971wr,
    author = "Press, William H.",
    title = "{Long Wave Trains of Gravitational Waves from a Vibrating Black Hole}",
    reportNumber = "OAP-262",
    doi = "10.1086/180849",
    journal = "Astrophys. J. Lett.",
    volume = "170",
    pages = "L105--L108",
    year = "1971"
}

@article{Teukolsky:1973ha,
    author = "Teukolsky, Saul A.",
    title = "{Perturbations of a rotating black hole. 1. Fundamental equations for gravitational electromagnetic and neutrino field perturbations}",
    doi = "10.1086/152444",
    journal = "Astrophys. J.",
    volume = "185",
    pages = "635--647",
    year = "1973"
}

@article{Press:1973zz,
    author = "Press, William H. and Teukolsky, Saul A.",
    title = "{Perturbations of a Rotating Black Hole. II. Dynamical Stability of the Kerr Metric}",
    doi = "10.1086/152445",
    journal = "Astrophys. J.",
    volume = "185",
    pages = "649--674",
    year = "1973"
}

@article{Chandrasekhar:1975zza,
    author = "Chandrasekhar, S. and Detweiler, Steven L.",
    title = "{The quasi-normal modes of the Schwarzschild black hole}",
    doi = "10.1098/rspa.1975.0112",
    journal = "Proc. R. Soc. A",
    volume = "344",
    pages = "441--452",
    year = "1975"
}

@article{Detweiler:1980gk,
    author = "Detweiler, Steven L.",
    title = "{Black holes and gravitational waves. III. The resonant frequencies of rotating holes}",
    doi = "10.1086/158109",
    journal = "Astrophys. J.",
    volume = "239",
    pages = "292--295",
    year = "1980"
}

@article{Echeverria:1989hg,
      author         = "Echeverria, F.",
      title          = "{Gravitational Wave Measurements of the Mass and Angular
                        Momentum of a Black Hole}",
      journal        = "Phys. Rev.",
      volume         = "D40",
      year           = "1989",
      pages          = "3194-3203",
      doi            = "10.1103/PhysRevD.40.3194",
      SLACcitation   = "%%CITATION = PHRVA,D40,3194;%%"
}

@article{Dreyer:2003bv,
      author         = "Dreyer, Olaf and Kelly, Bernard J. and Krishnan, Badri
                        and Finn, Lee Samuel and Garrison, David and Lopez-Aleman,
                        Ramon",
      title          = "{Black hole spectroscopy: Testing general relativity
                        through gravitational wave observations}",
      journal        = "Class. Quant. Grav.",
      volume         = "21",
      year           = "2004",
      pages          = "787-804",
      doi            = "10.1088/0264-9381/21/4/003",
      eprint         = "gr-qc/0309007",
      archivePrefix  = "arXiv",
      primaryClass   = "gr-qc",
      SLACcitation   = "%%CITATION = GR-QC/0309007;%%"
}

@article{Gossan:2011ha,
      author         = "Gossan, S. and Veitch, J. and Sathyaprakash, B. S.",
      title          = "{Bayesian model selection for testing the no-hair theorem
                        with black hole ringdowns}",
      journal        = "Phys. Rev.",
      volume         = "D85",
      year           = "2012",
      pages          = "124056",
      doi            = "10.1103/PhysRevD.85.124056",
      eprint         = "1111.5819",
      archivePrefix  = "arXiv",
      primaryClass   = "gr-qc",
      SLACcitation   = "%%CITATION = ARXIV:1111.5819;%%"
}

@article{Meidam:2014jpa,
      author         = "Meidam, J. and Agathos, M. and Van Den Broeck, C. and
                        Veitch, J. and Sathyaprakash, B. S.",
      title          = "{Testing the no-hair theorem with black hole ringdowns
                        using TIGER}",
      journal        = "Phys. Rev.",
      volume         = "D90",
      year           = "2014",
      number         = "6",
      pages          = "064009",
      doi            = "10.1103/PhysRevD.90.064009",
      eprint         = "1406.3201",
      archivePrefix  = "arXiv",
      primaryClass   = "gr-qc",
      SLACcitation   = "%%CITATION = ARXIV:1406.3201;%%"
}

@article{Berti:2016lat,
      author         = "Berti, Emanuele and Sesana, Alberto and Barausse, Enrico                        and Cardoso, Vitor and Belczynski, Krzysztof",
      title          = "{Spectroscopy of Kerr black holes with Earth- and
                        space-based interferometers}",
      journal        = "Phys. Rev. Lett.",
      volume         = "117",
      year           = "2016",
      number         = "10",
      pages          = "101102",
      doi            = "10.1103/PhysRevLett.117.101102",
      eprint         = "1605.09286",
      archivePrefix  = "arXiv",
      primaryClass   = "gr-qc",
      SLACcitation   = "%%CITATION = ARXIV:1605.09286;%%"
}

@article{Berti:2015itd,
      author         = "Berti, Emanuele and others",
      title          = "{Testing General Relativity with Present and Future
                        Astrophysical Observations}",
      journal        = "Class. Quant. Grav.",
      volume         = "32",
      year           = "2015",
      pages          = "243001",
      doi            = "10.1088/0264-9381/32/24/243001",
      eprint         = "1501.07274",
      archivePrefix  = "arXiv",
      primaryClass   = "gr-qc",
      SLACcitation   = "%%CITATION = ARXIV:1501.07274;%%"
}

@article{Baibhav:2017jhs,
  author =       "Baibhav, Vishal and Berti, Emanuele and Cardoso,
                  Vitor and Khanna, Gaurav",
  title =        "{Black Hole Spectroscopy: Systematic Errors and
                  Ringdown Energy Estimates}",
  journal =      "Phys. Rev.",
  volume =       "D97",
  year =         "2018",
  number =       "4",
  pages =        "044048",
  doi =          "10.1103/PhysRevD.97.044048",
  eprint =       "1710.02156",
  archivePrefix ="arXiv",
  primaryClass = "gr-qc",
  SLACcitation = "%%CITATION = ARXIV:1710.02156;%%"
}

@article{Baibhav:2018rfk,
      author         = "Baibhav, Vishal and Berti, Emanuele",
      title          = "{Multimode black hole spectroscopy}",
      journal        = "Phys. Rev.",
      volume         = "D99",
      year           = "2019",
      number         = "2",
      pages          = "024005",
      doi            = "10.1103/PhysRevD.99.024005",
      eprint         = "1809.03500",
      archivePrefix  = "arXiv",
      primaryClass   = "gr-qc",
      SLACcitation   = "%%CITATION = ARXIV:1809.03500;%%"
}

@article{Buonanno:2006ui,
    author = "Buonanno, Alessandra and Cook, Gregory B. and Pretorius, Frans",
    title = "{Inspiral, merger and ring-down of equal-mass black-hole binaries}",
    eprint = "gr-qc/0610122",
    archivePrefix = "arXiv",
    doi = "10.1103/PhysRevD.75.124018",
    journal = "Phys. Rev. D",
    volume = "75",
    pages = "124018",
    year = "2007"
}

@article{Giesler:2019uxc,
      author         = "Giesler, Matthew and Isi, Maximiliano and Scheel, Mark A.
                        and Teukolsky, Saul",
      title          = "{Black Hole Ringdown: The Importance of Overtones}",
      journal        = "Phys. Rev.",
      volume         = "X9",
      year           = "2019",
      number         = "4",
      pages          = "041060",
      doi            = "10.1103/PhysRevX.9.041060",
      eprint         = "1903.08284",
      archivePrefix  = "arXiv",
      primaryClass   = "gr-qc",
      SLACcitation   = "%%CITATION = ARXIV:1903.08284;%%"
}

@article{Berti:2014fga,
      author         = "Berti, Emanuele and Klein, Antoine",
      title          = "{Mixing of spherical and spheroidal modes in perturbed
                        Kerr black holes}",
      journal        = "Phys. Rev.",
      volume         = "D90",
      year           = "2014",
      number         = "6",
      pages          = "064012",
      doi            = "10.1103/PhysRevD.90.064012",
      eprint         = "1408.1860",
      archivePrefix  = "arXiv",
      primaryClass   = "gr-qc",
      SLACcitation   = "%%CITATION = ARXIV:1408.1860;%%"
}

@article{Berti:2005gp,
    author = "Berti, Emanuele and Cardoso, Vitor and Casals, Marc",
    title = "{Eigenvalues and eigenfunctions of spin-weighted spheroidal harmonics in four and higher dimensions}",
    eprint = "gr-qc/0511111",
    archivePrefix = "arXiv",
    doi = "10.1103/PhysRevD.73.109902",
    journal = "Phys. Rev. D",
    volume = "73",
    pages = "024013",
    year = "2006",
    note = "[Erratum: Phys.Rev.D 73, 109902 (2006)]"
}

@article{Leaver:1985ax,
    author = "Leaver, E.W.",
    title = "{An Analytic representation for the quasi normal modes of Kerr black holes}",
    doi = "10.1098/rspa.1985.0119",
    journal = "Proc. Roy. Soc. Lond. A",
    volume = "402",
    pages = "285--298",
    year = "1985"
}

@article{Isi:2019aib,
    author = "Isi, Maximiliano and Giesler, Matthew and Farr, Will M. and Scheel, Mark A. and Teukolsky, Saul A.",
    title = "{Testing the no-hair theorem with GW150914}",
    eprint = "1905.00869",
    archivePrefix = "arXiv",
    primaryClass = "gr-qc",
    reportNumber = "LIGO-P1900135",
    doi = "10.1103/PhysRevLett.123.111102",
    journal = "Phys. Rev. Lett.",
    volume = "123",
    number = "11",
    pages = "111102",
    year = "2019"
}

@article{Abbott:2016blz,
    author = "Abbott, B.P. and others",
    collaboration = "LIGO Scientific, Virgo",
    title = "{Observation of Gravitational Waves from a Binary Black Hole Merger}",
    eprint = "1602.03837",
    archivePrefix = "arXiv",
    primaryClass = "gr-qc",
    reportNumber = "LIGO-P150914",
    doi = "10.1103/PhysRevLett.116.061102",
    journal = "Phys. Rev. Lett.",
    volume = "116",
    number = "6",
    pages = "061102",
    year = "2016"
}

@article{London:2014cma,
    author = "London, Lionel and Shoemaker, Deirdre and Healy, James",
    title = "{Modeling ringdown: Beyond the fundamental quasinormal modes}",
    eprint = "1404.3197",
    archivePrefix = "arXiv",
    primaryClass = "gr-qc",
    doi = "10.1103/PhysRevD.90.124032",
    journal = "Phys. Rev. D",
    volume = "90",
    number = "12",
    pages = "124032",
    year = "2014",
    note = "[Erratum: Phys.Rev.D 94, 069902 (2016)]"
}

@article{Stein:2019mop,
    author = "Stein, Leo C.",
    title = "{qnm: A Python package for calculating Kerr quasinormal modes, separation constants, and spherical-spheroidal mixing coefficients}",
    eprint = "1908.10377",
    archivePrefix = "arXiv",
    primaryClass = "gr-qc",
    doi = "10.21105/joss.01683",
    journal = "J. Open Source Softw.",
    volume = "4",
    number = "42",
    pages = "1683",
    year = "2019"
}

@article{Brito:2018rfr,
    author = "Brito, Richard and Buonanno, Alessandra and Raymond, Vivien",
    title = "{Black-hole Spectroscopy by Making Full Use of Gravitational-Wave Modeling}",
    eprint = "1805.00293",
    archivePrefix = "arXiv",
    primaryClass = "gr-qc",
    doi = "10.1103/PhysRevD.98.084038",
    journal = "Phys. Rev. D",
    volume = "98",
    number = "8",
    pages = "084038",
    year = "2018"
}

@article{LIGOScientific:2019hgc,
    author = "Abbott, Benjamin P and others",
    collaboration = "LIGO Scientific, Virgo",
    title = "{A guide to LIGO\textendash{}Virgo detector noise and extraction of transient gravitational-wave signals}",
    eprint = "1908.11170",
    archivePrefix = "arXiv",
    primaryClass = "gr-qc",
    doi = "10.1088/1361-6382/ab685e",
    journal = "Class. Quant. Grav.",
    volume = "37",
    number = "5",
    pages = "055002",
    year = "2020"
}

@article{TheLIGOScientific:2016src,
    author = "Abbott, B.P. and others",
    collaboration = "LIGO Scientific, Virgo",
    title = "{Tests of general relativity with GW150914}",
    eprint = "1602.03841",
    archivePrefix = "arXiv",
    primaryClass = "gr-qc",
    reportNumber = "LIGO-P1500213",
    doi = "10.1103/PhysRevLett.116.221101",
    journal = "Phys. Rev. Lett.",
    volume = "116",
    number = "22",
    pages = "221101",
    year = "2016",
    note = "[Erratum: Phys.Rev.Lett. 121, 129902 (2018)]"
}

@TechReport{Prix:T1500618,
  author =        {Prix, Reinhard},
  title =         {{Bayesian QNM search on GW150914}},
  institution	=   {LIGO Scientific Collaboration},
  year		= {2016},
  number	= {LIGO-T1500618},
  url		= {https://dcc.ligo.org/LIGO-T1500618/public}
}

@article{Cabero:2017avf,
    author = "Cabero, Miriam and Capano, Collin D. and Fischer-Birnholtz, Ofek and Krishnan, Badri and Nielsen, Alex B. and Nitz, Alexander H. and Biwer, Christopher M.",
    title = "{Observational tests of the black hole area increase law}",
    eprint = "1711.09073",
    archivePrefix = "arXiv",
    primaryClass = "gr-qc",
    doi = "10.1103/PhysRevD.97.124069",
    journal = "Phys. Rev. D",
    volume = "97",
    number = "12",
    pages = "124069",
    year = "2018"
}

@misc{CalderonBustillo:2020tjf,
    author = "Calder\'on Bustillo, Juan and Lasky, Paul D. and Thrane, Eric",
    title = "{Black-hole spectroscopy, the no-hair theorem and GW150914: Kerr vs. Occam}",
    eprint = "2010.01857",
    archivePrefix = "arXiv",
    primaryClass = "gr-qc",
    reportNumber = "LIGO P-2000372",
    month = "10",
    year = "2020"
}

@article{Allen:2001ay,
    author = "Allen, Bruce and Creighton, Jolien D.E. and Flanagan, Eanna E. and Romano, Joseph D.",
    title = "{Robust statistics for deterministic and stochastic gravitational waves in nonGaussian noise. 1. Frequentist analyses}",
    eprint = "gr-qc/0105100",
    archivePrefix = "arXiv",
    doi = "10.1103/PhysRevD.65.122002",
    journal = "Phys. Rev. D",
    volume = "65",
    pages = "122002",
    year = "2002"
}

@article{UNSER1984231,
title = "On the approximation of the discrete Karhunen-Loeve transform for stationary processes",
journal = "Signal Processing",
volume = "7",
number = "3",
pages = "231 - 249",
year = "1984",
issn = "0165-1684",
doi = "https://doi.org/10.1016/0165-1684(84)90002-1",
url = "http://www.sciencedirect.com/science/article/pii/0165168484900021",
author = "Michael Unser",
publisher={Elsevier},
}

@book{Creighton2012,
  title={Gravitational-wave physics and astronomy: An introduction to theory, experiment and data analysis},
  author={Creighton, Jolien DE and Anderson, Warren G},
  year={2012},
  publisher={John Wiley \& Sons},
  isbn = {9783527636037},
  doi = {https://doi.org/10.1002/9783527636037},
}

@article{Carullo:2019flw,
    author = "Carullo, Gregorio and Del Pozzo, Walter and Veitch, John",
    title = "{Observational Black Hole Spectroscopy: A time-domain multimode analysis of GW150914}",
    eprint = "1902.07527",
    archivePrefix = "arXiv",
    primaryClass = "gr-qc",
    doi = "10.1103/PhysRevD.99.123029",
    journal = "Phys. Rev. D",
    volume = "99",
    number = "12",
    pages = "123029",
    year = "2019",
    note = "[Erratum: Phys.Rev.D 100, 089903 (2019)]"
}

@techreport{aLIGOpsd,
  author =        {Barsotti, Lisa and Fritschel, Peter and Evans, Matthew and Gras, Slawomir},
  title =         {{Updated Advanced LIGO sensitivity design curve}},
  institution = {LIGO Laboratory},
  year    = {2018},
  number  = {LIGO-T1800044},
  url   = {https://dcc.ligo.org/LIGO-T1800044/public}
}

@article{Buscicchio:2019rir,
    author = "Buscicchio, Riccardo and Roebber, Elinore and Goldstein, Janna M. and Moore, Christopher J.",
    title = "{Label switching problem in Bayesian analysis for gravitational wave astronomy}",
    eprint = "1907.11631",
    archivePrefix = "arXiv",
    primaryClass = "astro-ph.IM",
    doi = "10.1103/PhysRevD.100.084041",
    journal = "Phys. Rev. D",
    volume = "100",
    number = "8",
    pages = "084041",
    year = "2019"
}

@article{Forteza:2020hbw,
    author = "Jim\'enez Forteza, Xisco and Bhagwat, Swetha and Pani, Paolo and Ferrari, Valeria",
    title = "{Spectroscopy of binary black hole ringdown using overtones and angular modes}",
    eprint = "2005.03260",
    archivePrefix = "arXiv",
    primaryClass = "gr-qc",
    doi = "10.1103/PhysRevD.102.044053",
    journal = "Phys. Rev. D",
    volume = "102",
    number = "4",
    pages = "044053",
    year = "2020"
}

@article{Bhagwat:2019dtm,
    author = "Bhagwat, Swetha and Forteza, Xisco Jimenez and Pani, Paolo and Ferrari, Valeria",
    title = "{Ringdown overtones, black hole spectroscopy, and no-hair theorem tests}",
    eprint = "1910.08708",
    archivePrefix = "arXiv",
    primaryClass = "gr-qc",
    doi = "10.1103/PhysRevD.101.044033",
    journal = "Phys. Rev. D",
    volume = "101",
    number = "4",
    pages = "044033",
    year = "2020"
}

@article{Berti:2005ys,
    author = "Berti, Emanuele and Cardoso, Vitor and Will, Clifford M.",
    title = "{On gravitational-wave spectroscopy of massive black holes with the space interferometer LISA}",
    eprint = "gr-qc/0512160",
    archivePrefix = "arXiv",
    doi = "10.1103/PhysRevD.73.064030",
    journal = "Phys. Rev. D",
    volume = "73",
    pages = "064030",
    year = "2006"
}

@article{Berti:2007zu,
    author = "Berti, Emanuele and Cardoso, Jaime and Cardoso, Vitor and Cavaglia, Marco",
    title = "{Matched-filtering and parameter estimation of ringdown waveforms}",
    eprint = "0707.1202",
    archivePrefix = "arXiv",
    primaryClass = "gr-qc",
    doi = "10.1103/PhysRevD.76.104044",
    journal = "Phys. Rev. D",
    volume = "76",
    pages = "104044",
    year = "2007"
}

@misc{Dhani:2020nik,
    author = "Dhani, Arnab",
    title = "{Importance of mirror modes in binary black hole ringdown waveform}",
    eprint = "2010.08602",
    archivePrefix = "arXiv",
    primaryClass = "gr-qc",
    month = "10",
    year = "2020"
}

@article{LIGOScientific:2020tif,
    author = "Abbott, R. and others",
    collaboration = "LIGO Scientific, Virgo",
    title = "{Tests of general relativity with binary black holes from the second LIGO-Virgo gravitational-wave transient catalog}",
    eprint = "2010.14529",
    archivePrefix = "arXiv",
    primaryClass = "gr-qc",
    reportNumber = "LIGO-P2000091",
    doi = "10.1103/PhysRevD.103.122002",
    journal = "Phys. Rev. D",
    volume = "103",
    number = "12",
    pages = "122002",
    year = "2021"
}

@article{TheLIGOScientific:2014jea,
        author         = "Aasi, J. and others",
        title          = "{Advanced LIGO}",
        collaboration  = "LIGO Scientific Collaboration",
        journal        = "Classical Quantum Gravity",
        volume         = "32",
        pages          = "074001",
        doi            = "10.1088/0264-9381/32/7/074001",
        year           = "2015",
        eprint         = "1411.4547",
        archivePrefix  = "arXiv",
        primaryClass   = "gr-qc",
        SLACcitation   = "%%CITATION = ARXIV:1411.4547;%%",
}

@article{TheVirgo:2014hva,
      author         = "Acernese, F. and others",
      title          = "{Advanced Virgo: a second-generation interferometric
                        gravitational wave detector}",
      collaboration  = "Virgo Collaboration",
      journal        = "Classical Quantum Gravity",
      number         = "2",
      volume         = "32",
      pages          = "024001",
      doi            = "10.1088/0264-9381/32/2/024001",
      year           = "2015",
      eprint         = "1408.3978",
      archivePrefix  = "arXiv",
      primaryClass   = "gr-qc",
      SLACcitation   = "%%CITATION = ARXIV:1408.3978;%%",
}

@article{Carullo:2018sfu,
  author =       "Carullo, Gregorio and others",
  title =        "{Empirical tests of the black hole no-hair
                  conjecture using gravitational-wave observations}",
  journal =      "Phys. Rev.",
  volume =       "D98",
  year =         "2018",
  number =       "10",
  pages =        "104020",
  doi =          "10.1103/PhysRevD.98.104020",
  eprint =       "1805.04760",
  archivePrefix ="arXiv",
  primaryClass = "gr-qc",
  SLACcitation = "%%CITATION = ARXIV:1805.04760;%%"
}

@article{Nagar:2016iwa,
      author         = "Del Pozzo, Walter and Nagar, Alessandro",
      title          = "{Analytic family of post-merger template waveforms}",
      journal        = "Phys. Rev.",
      volume         = "D95",
      year           = "2017",
      number         = "12",
      pages          = "124034",
      doi            = "10.1103/PhysRevD.95.124034",
      eprint         = "1606.03952",
      archivePrefix  = "arXiv",
      primaryClass   = "gr-qc",
      SLACcitation   = "%%CITATION = ARXIV:1606.03952;%%"
}

@article{Thrane:2017lqn,
  author =       "Thrane, Eric and Lasky, Paul D. and Levin, Yuri",
  title =        "{Challenges for testing the no-hair theorem with
                  gravitational waves}",
  journal =      "Phys. Rev.",
  volume =       "D96",
  year =         "2017",
  number =       "10",
  pages =        "102004",
  doi =          "10.1103/PhysRevD.96.102004",
  eprint =       "1706.05152",
  archivePrefix ="arXiv",
  primaryClass = "gr-qc",
  SLACcitation = "%%CITATION = ARXIV:1706.05152;%%"
}

@article{Kamaretsos:2011um,
    author = "Kamaretsos, Ioannis and Hannam, Mark and Husa, Sascha and Sathyaprakash, B. S.",
    title = "{Black-hole hair loss: learning about binary progenitors from ringdown signals}",
    eprint = "1107.0854",
    archivePrefix = "arXiv",
    primaryClass = "gr-qc",
    doi = "10.1103/PhysRevD.85.024018",
    journal = "Phys. Rev. D",
    volume = "85",
    pages = "024018",
    year = "2012"
}

@misc{Isi:2020tac,
    author = "Isi, Maximiliano and Farr, Will M. and Giesler, Matthew and Scheel, Mark A. and Teukolsky, Saul A.",
    title = "{Testing the black-hole area law with GW150914}",
    eprint = "2012.04486",
    archivePrefix = "arXiv",
    primaryClass = "gr-qc",
    reportNumber = "LIGO-P2000507",
    month = "12",
    year = "2020"
}

@article{Cardoso:2019rvt,
    author = "Cardoso, Vitor and Pani, Paolo",
    title = "{Testing the nature of dark compact objects: a status report}",
    eprint = "1904.05363",
    archivePrefix = "arXiv",
    primaryClass = "gr-qc",
    doi = "10.1007/s41114-019-0020-4",
    journal = "Living Rev. Rel.",
    volume = "22",
    number = "1",
    pages = "4",
    year = "2019"
}

@article{Will:2014kxa,
    author = "Will, Clifford M.",
    title = "{The Confrontation between General Relativity and Experiment}",
    eprint = "1403.7377",
    archivePrefix = "arXiv",
    primaryClass = "gr-qc",
    doi = "10.12942/lrr-2014-4",
    journal = "Living Rev. Rel.",
    volume = "17",
    pages = "4",
    year = "2014"
}

@article{Chrusciel:2012jk,
    author = "Chrusciel, Piotr T. and Lopes Costa, Joao and Heusler, Markus",
    title = "{Stationary Black Holes: Uniqueness and Beyond}",
    eprint = "1205.6112",
    archivePrefix = "arXiv",
    primaryClass = "gr-qc",
    doi = "10.12942/lrr-2012-7",
    journal = "Living Rev. Rel.",
    volume = "15",
    pages = "7",
    year = "2012"
}

@article{Price:1971fb,
    author = "Price, Richard H.",
    title = "{Nonspherical perturbations of relativistic gravitational collapse. I. Scalar and gravitational perturbations}",
    doi = "10.1103/PhysRevD.5.2419",
    journal = "Phys. Rev. D",
    volume = "5",
    pages = "2419--2438",
    year = "1972"
}

@article{Price:1972pw,
    author = "Price, Richard H.",
    title = "{Nonspherical Perturbations of Relativistic Gravitational Collapse. II. Integer-Spin, Zero-Rest-Mass Fields}",
    doi = "10.1103/PhysRevD.5.2439",
    journal = "Phys. Rev. D",
    volume = "5",
    pages = "2439--2454",
    year = "1972"
}

@article{Meidam:2017dgf,
    author = "Meidam, Jeroen and others",
    title = "{Parametrized tests of the strong-field dynamics of general relativity using gravitational wave signals from coalescing binary black holes: Fast likelihood calculations and sensitivity of the method}",
    eprint = "1712.08772",
    archivePrefix = "arXiv",
    primaryClass = "gr-qc",
    doi = "10.1103/PhysRevD.97.044033",
    journal = "Phys. Rev. D",
    volume = "97",
    number = "4",
    pages = "044033",
    year = "2018"
}

@article{Leaver:1986gd,
    author = "Leaver, Edward W.",
    title = "{Spectral decomposition of the perturbation response of the Schwarzschild geometry}",
    doi = "10.1103/PhysRevD.34.384",
    journal = "Phys. Rev. D",
    volume = "34",
    pages = "384--408",
    year = "1986"
}

@article{Berti:2009kk,
    author = "Berti, Emanuele and Cardoso, Vitor and Starinets, Andrei O.",
    title = "{Quasinormal modes of black holes and black branes}",
    eprint = "0905.2975",
    archivePrefix = "arXiv",
    primaryClass = "gr-qc",
    doi = "10.1088/0264-9381/26/16/163001",
    journal = "Class. Quant. Grav.",
    volume = "26",
    pages = "163001",
    year = "2009"
}

@article{Berti:2006wq,
    author = "Berti, Emanuele and Cardoso, Vitor",
    title = "{Quasinormal ringing of Kerr black holes: The Excitation factors}",
    eprint = "gr-qc/0605118",
    archivePrefix = "arXiv",
    doi = "10.1103/PhysRevD.74.104020",
    journal = "Phys. Rev. D",
    volume = "74",
    pages = "104020",
    year = "2006"
}

@article{Boyle:2019kee,
    author = "Boyle, Michael and others",
    title = "{The SXS Collaboration catalog of binary black hole simulations}",
    eprint = "1904.04831",
    archivePrefix = "arXiv",
    primaryClass = "gr-qc",
    doi = "10.1088/1361-6382/ab34e2",
    journal = "Class. Quant. Grav.",
    volume = "36",
    number = "19",
    pages = "195006",
    year = "2019"
}

@article{Cook:2014cta,
    author = "Cook, Gregory B. and Zalutskiy, Maxim",
    title = "{Gravitational perturbations of the Kerr geometry: High-accuracy study}",
    eprint = "1410.7698",
    archivePrefix = "arXiv",
    primaryClass = "gr-qc",
    doi = "10.1103/PhysRevD.90.124021",
    journal = "Phys. Rev. D",
    volume = "90",
    number = "12",
    pages = "124021",
    year = "2014"
}

@article{Levinson1946,
author = {Levinson, Norman},
title = "{The Wiener (root mean square) error criterion in filter design and prediction}",
journal = {Journal of Mathematics and Physics},
volume = {25},
number = {1-4},
pages = {261-278},
doi = {10.1002/sapm1946251261},
url = {https://onlinelibrary.wiley.com/doi/abs/10.1002/sapm1946251261},
year = {1946}
}

@article{Durbin1960,
 ISSN = {03731138},
 URL = {http://www.jstor.org/stable/1401322},
 author = {J. Durbin},
 journal = {Revue de l'Institut International de Statistique / Review of the International Statistical Institute},
 number = {3},
 pages = {233--244},
 publisher = {[International Statistical Institute (ISI), Wiley]},
 title = {The Fitting of Time-Series Models},
 volume = {28},
 doi = {10.2307/1401322},
 year = {1960}
}

@article{Isi:2017equ,
    author = "Isi, Maximiliano and Pitkin, Matthew and Weinstein, Alan J.",
    title = "{Probing Dynamical Gravity with the Polarization of Continuous Gravitational Waves}",
    eprint = "1703.07530",
    archivePrefix = "arXiv",
    primaryClass = "gr-qc",
    reportNumber = "LIGO-P1600305",
    doi = "10.1103/PhysRevD.96.042001",
    journal = "Phys. Rev. D",
    volume = "96",
    number = "4",
    pages = "042001",
    year = "2017"
}

@article{Isi:2019asy,
    author = "Isi, Maximiliano and Chatziioannou, Katerina and Farr, Will M.",
    title = "{Hierarchical test of general relativity with gravitational waves}",
    eprint = "1904.08011",
    archivePrefix = "arXiv",
    primaryClass = "gr-qc",
    reportNumber = "LIGO-P1900109",
    doi = "10.1103/PhysRevLett.123.121101",
    journal = "Phys. Rev. Lett.",
    volume = "123",
    number = "12",
    pages = "121101",
    year = "2019"
}

@article{Zimmerman:2019wzo,
    author = "Zimmerman, Aaron and Haster, Carl-Johan and Chatziioannou, Katerina",
    title = "{On combining information from multiple gravitational wave sources}",
    eprint = "1903.11008",
    archivePrefix = "arXiv",
    primaryClass = "astro-ph.IM",
    doi = "10.1103/PhysRevD.99.124044",
    journal = "Phys. Rev. D",
    volume = "99",
    number = "12",
    pages = "124044",
    year = "2019"
}

@article{Maselli:2019mjd,
    author = "Maselli, Andrea and Pani, Paolo and Gualtieri, Leonardo and Berti, Emanuele",
    title = "{Parametrized ringdown spin expansion coefficients: a data-analysis framework for black-hole spectroscopy with multiple events}",
    eprint = "1910.12893",
    archivePrefix = "arXiv",
    primaryClass = "gr-qc",
    doi = "10.1103/PhysRevD.101.024043",
    journal = "Phys. Rev. D",
    volume = "101",
    number = "2",
    pages = "024043",
    year = "2020"
}

@software{Stan,
    author = "{\textsc{Stan} Development Team}",
    title = "{\textsc{Stan} Modeling Language Users Guide and Reference Manual 2.26}",
    url = "https://mc-stan.org"
}

@article{Hoffman:2014no,
  title="{The No-U-Turn sampler: adaptively setting path lengths in Hamiltonian Monte Carlo}",
  author={Hoffman, Matthew D and Gelman, Andrew},
  journal={J. Mach. Learn. Res.},
  volume={15},
  number={1},
  pages={1593--1623},
  year={2014},
  url     = {http://jmlr.org/papers/v15/hoffman14a.html},
  archivePrefix = {arXiv},
  eprint = {1111.4246}
}

@article{Carpenter:2017,
   author = {Bob Carpenter and Andrew Gelman and Matthew D. Hoffman and Daniel Lee and Ben Goodrich and Michael Betancourt and Marcus Brubaker and Jiqiang Guo and Peter Li and Allen Riddell},
   title = {Stan: A Probabilistic Programming Language},
   journal = {Journal of Statistical Software, Articles},
   volume = {76},
   number = {1},
   year = {2017},
   issn = {1548-7660},
   pages = {1--32},
   doi = {10.18637/jss.v076.i01},
   url = {https://www.jstatsoft.org/v076/i01}
}

@incollection{Neal:2011,
  author      = "Radford M. Neal",
  title       = "{MCMC using Hamiltonian dynamics}",
  editor      = "Steve Brooks and Andrew Gelman and Galin L. Jones and Xiao-Li Meng",
  booktitle   = "Handbook of Markov Chain Monte Carlo",
  publisher   = "Chapman \& Hall/CRC.",
  address     = "Boca Raton",
  year        = 2011,
  pages       = "113-162",
  chapter     = 5,
  url = {http://www.mcmchandbook.net/HandbookChapter5.pdf},
}

@article{Cornish:2014kda,
  Archiveprefix = {arXiv},
  Author = {Cornish, Neil J. and Littenberg, Tyson B.},
  Doi = {10.1088/0264-9381/32/13/135012},
  Eprint = {1410.3835},
  Journal = {Class. Quant. Grav.},
  Number = {13},
  Pages = {135012},
  Primaryclass = {gr-qc},
  Slaccitation = {%%CITATION = ARXIV:1410.3835;%%},
  Title = {{BayesWave: Bayesian Inference for Gravitational Wave Bursts and Instrument Glitches}},
  Volume = {32},
  Year = {2015},
  Bdsk-Url-1 = {http://dx.doi.org/10.1088/0264-9381/32/13/135012}
}

@article{Cornish:2020dwh,
    author = "Cornish, Neil J. and Littenberg, Tyson B. and B\'ecsy, Bence and Chatziioannou, Katerina and Clark, James A. and Ghonge, Sudarshan and Millhouse, Margaret",
    title = "{BayesWave analysis pipeline in the era of gravitational wave observations}",
    eprint = "2011.09494",
    archivePrefix = "arXiv",
    primaryClass = "gr-qc",
    doi = "10.1103/PhysRevD.103.044006",
    journal = "Phys. Rev. D",
    volume = "103",
    number = "4",
    pages = "044006",
    year = "2021"
}

@misc{Isi:2021iql,
    author = "Isi, Maximiliano and Farr, Will M.",
    title = "{Analyzing black-hole ringdowns}",
    eprint = "2107.05609",
    archivePrefix = "arXiv",
    primaryClass = "gr-qc",
    reportNumber = "LIGO-P2100227",
    month = "7",
    year = "2021"
}

@incollection{Thorne:1987af,
    address = {Cambridge},
    author = {Thorne, Kip S.},
    booktitle = {Three hundred years Gravit.},
    chapter = {9},
    editor = {Hawking, Sthephen W. and Israel, Werner},
    isbn = {0521343127},
    pages = {330 -- 458},
    publisher = {Cambridge University Press},
    title = {{Gravitation}},
    url = {http://adsabs.harvard.edu/abs/1987thyg.book..330T},
    year = {1987}
}

@book{Poisson2014,
    address = {Cambridge},
    author = {Poisson, Eric and Will, Clifford M.},
    isbn = {9781107032866},
    publisher = {Cambridge University Press},
    title = {{Gravity: Newtonian, Post-Newtonian, Relativistic}},
    year = {2014}
}

@misc{LALSuite:wave,
    author = {Cannon, Kipp and Creighton, Jolien and Creighton, Teviet},
    collaboration  = "LIGO Scientific and Virgo Collaborations",
    title = "Header \texttt{LALSimulation.h} (coordinate systems)",
    url = {https://lscsoft.docs.ligo.org/lalsuite/lalsimulation/group___l_a_l_simulation__h.html},
    note = {Accessed: Jul 20, 2022}
}

@misc{LALSuite:source,
    author = {Creighton, J and Fairhurst, S and Krishnan, B and Santamaria, L and Ochsner, E and Pankow, C and Klein, A},
    collaboration  = "LIGO Scientific and Virgo Collaborations",
    title = "Inspiral Simulation Packages (coordinate systems)",
    url = {https://lscsoft.docs.ligo.org/lalsuite/lalsimulation/group__lalsimulation__inspiral.html},
    note = {Accessed: Jul 20, 2022}
}

@misc{LALSuite:spins,
    author = {Creighton, J and Fairhurst, S and Krishnan, B and Santamaria, L and Keppel, D and Ochsner, E and Pankow, C and Klein, A},
    collaboration  = "LIGO Scientific and Virgo Collaborations",
    title = "{LALSimulation-LALInference parameter transformations}",
    url = {https://lscsoft.docs.ligo.org/lalsuite/lalsimulation/group__lalsimulation__inference.html#ga1517b28ff879d5d1c7ba8468385e4054},
    note = {Accessed: Jul 20, 2022}
}

@article{Chatziioannou:2021mij,
    author = "Chatziioannou, Katerina and Isi, Maximiliano and Haster, Carl-Johan and Littenberg, Tyson B.",
    title = "{Morphology-independent test of the mixed polarization content of transient gravitational wave signals}",
    eprint = "2105.01521",
    archivePrefix = "arXiv",
    primaryClass = "gr-qc",
    doi = "10.1103/PhysRevD.104.044005",
    journal = "Phys. Rev. D",
    volume = "104",
    number = "4",
    pages = "044005",
    year = "2021"
}

@Book{BT,
  author  = {{Thorne}, K.~S. and {Blandford}, R.~D.},
  title   = "{Modern Classical Physics: Optics, Fluids, Plasmas,
      Elasticity, Relativity, and Statistical Physics}",
  publisher = {Princeton University Press},
  address = {Princeton},
  year    = 2017,
  isbn    = {9780691159027},
  url   = {http://adsabs.harvard.edu/abs/2017mcp..book.....T}
}

@inproceedings{Thorne1983,
  address = {Amsterdam},
  author = {Thorne, Kip S.},
  booktitle = {Gravitational Radiation; Proc. Adv. Study Institute, Les Houches, Haute-Savoie, Fr. June 2-21, 1982 (A84-35026 16-90).},
  editor = {Deruelle, Nathalie and Piran, Tsvi},
  pages = {1--57},
  publisher = {North-Holland Publishing Company},
  title = {{The theory of gravitational radiation: An introductory review}},
  url = {http://inspirehep.net/record/186656},
  year = {1983}
}

@Article{Hinterbichler2011,
  author  = {Hinterbichler, Kurt},
  title   = {{Theoretical Aspects of Massive Gravity}},
  journal = {Rev. Mod. Phys.},
  year    = {2012},
  volume  = {84},
  pages   = {671-710},
  archiveprefix = {arXiv},
  doi   = {10.1103/RevModPhys.84.671},
  eprint  = {1105.3735},
  slaccitation  = {%%CITATION = ARXIV:1105.3735;%%}
}

@article{Romano:2016dpx,
    author = "Romano, Joseph D. and Cornish, Neil J.",
    title = "{Detection methods for stochastic gravitational-wave backgrounds: a unified treatment}",
    eprint = "1608.06889",
    archivePrefix = "arXiv",
    primaryClass = "gr-qc",
    doi = "10.1007/s41114-017-0004-1",
    journal = "Living Rev. Rel.",
    volume = "20",
    number = "1",
    pages = "2",
    year = "2017"
}

@ARTICLE{Anile1974,
       author = {{Anile}, A. Marcello and {Breuer}, Reinhard A.},
        title = "{Gravitational Stokes Parameters}",
      journal = {\apj},
         year = 1974,
        month = apr,
       volume = {189},
        pages = {39-50},
          doi = {10.1086/152766},
       adsurl = {https://ui.adsabs.harvard.edu/abs/1974ApJ...189...39A},
      adsnote = {Provided by the SAO/NASA Astrophysics Data System}
}

@article{Thorne:1980ru,
    author = "Thorne, K. S.",
    title = "{Multipole Expansions of Gravitational Radiation}",
    doi = "10.1103/RevModPhys.52.299",
    journal = "Rev. Mod. Phys.",
    volume = "52",
    pages = "299--339",
    year = "1980"
}

@article{Conneely:2018wis,
    author = "Conneely, Ciar\'an and Jaffe, Andrew H. and Mingarelli, Chiara M. F.",
    title = "{On the Amplitude and Stokes Parameters of a Stochastic Gravitational-Wave Background}",
    eprint = "1808.05920",
    archivePrefix = "arXiv",
    primaryClass = "astro-ph.CO",
    doi = "10.1093/mnras/stz1022",
    journal = "Mon. Not. Roy. Astron. Soc.",
    volume = "487",
    number = "1",
    pages = "562--579",
    year = "2019"
}

@article{Seto:2008sr,
    author = "Seto, Naoki and Taruya, Atsushi",
    title = "{Polarization analysis of gravitational-wave backgrounds from the correlation signals of ground-based interferometers: Measuring a circular-polarization mode}",
    eprint = "0801.4185",
    archivePrefix = "arXiv",
    primaryClass = "astro-ph",
    doi = "10.1103/PhysRevD.77.103001",
    journal = "Phys. Rev. D",
    volume = "77",
    pages = "103001",
    year = "2008"
}

@article{Kato:2015bye,
    author = "Kato, Ryo and Soda, Jiro",
    title = "{Probing circular polarization in stochastic gravitational wave background with pulsar timing arrays}",
    eprint = "1512.09139",
    archivePrefix = "arXiv",
    primaryClass = "gr-qc",
    reportNumber = "KOBE-COSMO-16-01",
    doi = "10.1103/PhysRevD.93.062003",
    journal = "Phys. Rev. D",
    volume = "93",
    number = "6",
    pages = "062003",
    year = "2016"
}

@inbook{poincare,
  title="{Th{\'e}orie math{\'e}matique de la lumi{\`e}re II.: Nouvelles {\'e}tudes sur la diffraction.--Th{\'e}orie de la dispersion de Helmholtz. Le{\c{c}}ons profess{\'e}es pendant le premier semestre 1891-1892}",
  author={Poincar{\'e}, Henri},
  volume={2},
  year={1889},
  url={https://archive.org/details/thoriemathma00poin},
  note={\url{https://archive.org/details/thoriemathma00poin}},
  chapter={XII},
  publisher={G. Carr{\'e}}
}

@inbook{goldstein,
  title={Polarized light},
  author={Goldstein, Dennis H},
  year={2017},
  chapter={11},
  doi={https://doi.org/10.1201/b10436},
  publisher={CRC press}
}

@article{Faye:2012we,
    author = "Faye, Guillaume and Marsat, Sylvain and Blanchet, Luc and Iyer, Bala R.",
    title = "{The third and a half post-Newtonian gravitational wave quadrupole mode for quasi-circular inspiralling compact binaries}",
    eprint = "1204.1043",
    archivePrefix = "arXiv",
    primaryClass = "gr-qc",
    doi = "10.1088/0264-9381/29/17/175004",
    journal = "Class. Quant. Grav.",
    volume = "29",
    pages = "175004",
    year = "2012"
}

@article{Kidder:2007rt,
    author = "Kidder, Lawrence E.",
    title = "{Using full information when computing modes of post-Newtonian waveforms from inspiralling compact binaries in circular orbit}",
    eprint = "0710.0614",
    archivePrefix = "arXiv",
    primaryClass = "gr-qc",
    doi = "10.1103/PhysRevD.77.044016",
    journal = "Phys. Rev. D",
    volume = "77",
    pages = "044016",
    year = "2008"
}

@article{goldberg:1967,
  title={Spin-s Spherical Harmonics and {\dh}},
  author={Goldberg, Joshua N and MacFarlane, Alan J and Newman, Ezra T and Rohrlich, Fritz and Sudarshan, EC George},
  journal={Journal of Mathematical Physics},
  volume={8},
  number={11},
  pages={2155--2161},
  year={1967},
  doi="10.1063/1.1705135",
  publisher={American Institute of Physics}
}

@article{Blanchet:2008je,
    author = "Blanchet, Luc and Faye, Guillaume and Iyer, Bala R. and Sinha, Siddhartha",
    title = "{The Third post-Newtonian gravitational wave polarisations and associated spherical harmonic modes for inspiralling compact binaries in quasi-circular orbits}",
    eprint = "0802.1249",
    archivePrefix = "arXiv",
    primaryClass = "gr-qc",
    doi = "10.1088/0264-9381/25/16/165003",
    journal = "Class. Quant. Grav.",
    volume = "25",
    pages = "165003",
    year = "2008",
    note = "[Erratum: Class.Quant.Grav. 29, 239501 (2012)]"
}

@article{Hogg:2017akh,
    author = "Hogg, David W. and Foreman-Mackey, Daniel",
    title = "{Data analysis recipes: Using Markov Chain Monte Carlo}",
    eprint = "1710.06068",
    archivePrefix = "arXiv",
    primaryClass = "astro-ph.IM",
    doi = "10.3847/1538-4365/aab76e",
    journal = "Astrophys. J. Suppl.",
    volume = "236",
    number = "1",
    pages = "11",
    year = "2018"
}

@unpublished{Hogg:2020jwh,
    author = "Hogg, David W. and Price-Whelan, Adrian M. and Leistedt, Boris",
    title = "{Data Analysis Recipes: Products of multivariate Gaussians in Bayesian inferences}",
    eprint = "2005.14199",
    archivePrefix = "arXiv",
    primaryClass = "stat.CO",
    month = "5",
    year = "2020"
}

@unpublished{Pitkin:2017qfy,
    author = "Pitkin, M. and Isi, M. and Veitch, J. and Woan, G.",
    title = "{A nested sampling code for targeted searches for continuous gravitational waves from pulsars}",
    eprint = "1705.08978",
    archivePrefix = "arXiv",
    primaryClass = "gr-qc",
    month = "5",
    year = "2017"
}

@article{Klimenko:2004qh,
    author = "Klimenko, S. and Mitselmakher, Guenakh",
    title = "{A wavelet method for detection of gravitational wave bursts}",
    doi = "10.1088/0264-9381/21/20/025",
    journal = "Class. Quant. Grav.",
    volume = "21",
    pages = "S1819--S1830",
    year = "2004"
}

@article{Klimenko:2005xv,
    author = "Klimenko, S. and Mohanty, S. and Rakhmanov, Malik and Mitselmakher, Guenakh",
    title = "{Constraint likelihood analysis for a network of gravitational wave detectors}",
    eprint = "gr-qc/0508068",
    archivePrefix = "arXiv",
    doi = "10.1103/PhysRevD.72.122002",
    journal = "Phys. Rev. D",
    volume = "72",
    pages = "122002",
    year = "2005"
}

@article{Klimenko:2008fu,
    author = "Klimenko, S. and Yakushin, I. and Mercer, A. and Mitselmakher, Guenakh",
    editor = "Scott, Susan M. and McClelland, David E.",
    title = "{Coherent method for detection of gravitational wave bursts}",
    eprint = "0802.3232",
    archivePrefix = "arXiv",
    primaryClass = "gr-qc",
    reportNumber = "LIGO-P070093-00-Z",
    doi = "10.1088/0264-9381/25/11/114029",
    journal = "Class. Quant. Grav.",
    volume = "25",
    pages = "114029",
    year = "2008"
}

@article{Ng:2007te,
    author = "Ng, C. -Y. and Romani, Roger W.",
    title = "{Fitting Pulsar Wind Tori. 2. Error Analysis and Applications}",
    eprint = "0710.4168",
    archivePrefix = "arXiv",
    primaryClass = "astro-ph",
    doi = "10.1086/523935",
    journal = "Astrophys. J.",
    volume = "673",
    pages = "411",
    year = "2008"
}

@article{Dupuis:2005xv,
    author = "Dupuis, Rejean J. and Woan, Graham",
    title = "{Bayesian estimation of pulsar parameters from gravitational wave data}",
    eprint = "gr-qc/0508096",
    archivePrefix = "arXiv",
    doi = "10.1103/PhysRevD.72.102002",
    journal = "Phys. Rev. D",
    volume = "72",
    pages = "102002",
    year = "2005"
}

@unpublished{LIGOScientific:2021sio,
    author = "Abbott, R. and others",
    collaboration = "LIGO Scientific, VIRGO, KAGRA",
    title = "{Tests of General Relativity with GWTC-3}",
    eprint = "2112.06861",
    archivePrefix = "arXiv",
    primaryClass = "gr-qc",
    reportNumber = "LIGO-P2100275",
    month = "12",
    year = "2021"
}

@article{Isi:2018miq,
    author = "Isi, Maximiliano and Stein, Leo C.",
    title = "{Measuring stochastic gravitational-wave energy beyond general relativity}",
    eprint = "1807.02123",
    archivePrefix = "arXiv",
    primaryClass = "gr-qc",
    reportNumber = "LIGO-P1700234",
    doi = "10.1103/PhysRevD.98.104025",
    journal = "Phys. Rev. D",
    volume = "98",
    number = "10",
    pages = "104025",
    year = "2018"
}

@TechReport{Anderson:T010110,
  author =        {Anderson, Warren G. and Brady, Patrick R. and Chin, David and Creighton, Jolien D. E. and Riles, Keith and Whelan, John T.},
  title =         "{Beam pattern response functions and times of arrival for earthbound interferometer}",
  institution	=   {LIGO Scientific Collaboration},
  year		= {2002},
  number	= {LIGO-T010110},
  url		= {https://dcc.ligo.org/LIGO-T010110/public}
}

@article{Varma:2021csh,
    author = "Varma, Vijay and Isi, Maximiliano and Biscoveanu, Sylvia and Farr, Will M. and Vitale, Salvatore",
    title = "{Measuring binary black hole orbital-plane spin orientations}",
    eprint = "2107.09692",
    archivePrefix = "arXiv",
    primaryClass = "astro-ph.HE",
    doi = "10.1103/PhysRevD.105.024045",
    journal = "Phys. Rev. D",
    volume = "105",
    number = "2",
    pages = "024045",
    year = "2022"
}

@TechReport{Pfeiffer:T1800226,
  author =        {Pfeiffer, Harald},
  title =         "{Overview LAL Gravitational Wave frame definitions}",
  institution	=   {LIGO Scientific Collaboration},
  year		= {2019},
  number	= {LIGO-T1800226},
  url		= {https://dcc.ligo.org/LIGO-T1800226/public}
}

@article{Fairhurst:2019vut,
    author = "Fairhurst, Stephen and Green, Rhys and Hoy, Charlie and Hannam, Mark and Muir, Alistair",
    title = "{Two-harmonic approximation for gravitational waveforms from precessing binaries}",
    eprint = "1908.05707",
    archivePrefix = "arXiv",
    primaryClass = "gr-qc",
    reportNumber = "LIGO-P1900225",
    doi = "10.1103/PhysRevD.102.024055",
    journal = "Phys. Rev. D",
    volume = "102",
    number = "2",
    pages = "024055",
    year = "2020"
}

@article{Mould:2021xst,
    author = "Mould, Matthew and Gerosa, Davide",
    title = "{Gravitational-wave population inference at past time infinity}",
    eprint = "2110.05507",
    archivePrefix = "arXiv",
    primaryClass = "astro-ph.HE",
    doi = "10.1103/PhysRevD.105.024076",
    journal = "Phys. Rev. D",
    volume = "105",
    number = "2",
    pages = "024076",
    year = "2022"
}

@article{Lousto:2018dgd,
    author = "Lousto, Carlos O. and Healy, James",
    title = "{Gravitational Wave Beacons}",
    eprint = "1805.08127",
    archivePrefix = "arXiv",
    primaryClass = "gr-qc",
    doi = "10.1103/PhysRevD.99.064023",
    journal = "Phys. Rev. D",
    volume = "99",
    number = "6",
    pages = "064023",
    year = "2019"
}

@article{Buonanno:2002fy,
    author = "Buonanno, Alessandra and Chen, Yan-bei and Vallisneri, Michele",
    title = "{Detecting gravitational waves from precessing binaries of spinning compact objects: Adiabatic limit}",
    eprint = "gr-qc/0211087",
    archivePrefix = "arXiv",
    doi = "10.1103/PhysRevD.67.104025",
    journal = "Phys. Rev. D",
    volume = "67",
    pages = "104025",
    year = "2003",
    note = "[Erratum: Phys.Rev.D 74, 029904 (2006)]"
}

@article{Schmidt:2010it,
    author = "Schmidt, Patricia and Hannam, Mark and Husa, Sascha and Ajith, P.",
    title = "{Tracking the precession of compact binaries from their gravitational-wave signal}",
    eprint = "1012.2879",
    archivePrefix = "arXiv",
    primaryClass = "gr-qc",
    doi = "10.1103/PhysRevD.84.024046",
    journal = "Phys. Rev. D",
    volume = "84",
    pages = "024046",
    year = "2011"
}

@article{Schmidt:2012rh,
    author = "Schmidt, Patricia and Hannam, Mark and Husa, Sascha",
    title = "{Towards models of gravitational waveforms from generic binaries: A simple approximate mapping between precessing and non-precessing inspiral signals}",
    eprint = "1207.3088",
    archivePrefix = "arXiv",
    primaryClass = "gr-qc",
    doi = "10.1103/PhysRevD.86.104063",
    journal = "Phys. Rev. D",
    volume = "86",
    pages = "104063",
    year = "2012"
}

@article{Ochsner:2012dj,
    author = "Ochsner, Evan and O'Shaughnessy, Richard",
    title = "{Asymptotic frame selection for binary black hole spacetimes II: Post-Newtonian limit}",
    eprint = "1205.2287",
    archivePrefix = "arXiv",
    primaryClass = "gr-qc",
    doi = "10.1103/PhysRevD.86.104037",
    journal = "Phys. Rev. D",
    volume = "86",
    pages = "104037",
    year = "2012"
}

@article{Boyle:2011gg,
    author = "Boyle, Michael and Owen, Robert and Pfeiffer, Harald P.",
    title = "{A geometric approach to the precession of compact binaries}",
    eprint = "1110.2965",
    archivePrefix = "arXiv",
    primaryClass = "gr-qc",
    doi = "10.1103/PhysRevD.84.124011",
    journal = "Phys. Rev. D",
    volume = "84",
    pages = "124011",
    year = "2011"
}

@article{Blanchet:2013haa,
    author = "Blanchet, Luc",
    title = "{Gravitational Radiation from Post-Newtonian Sources and Inspiralling Compact Binaries}",
    eprint = "1310.1528",
    archivePrefix = "arXiv",
    primaryClass = "gr-qc",
    doi = "10.12942/lrr-2014-2",
    journal = "Living Rev. Rel.",
    volume = "17",
    pages = "2",
    year = "2014"
}

@misc{release,
    author = "Isi, Maximiliano",
    title = "Parametrizing gravitational-wave polarizations",
    url = "https://github.com/maxisi/gwpols",
    note = "\url{https://github.com/maxisi/gwpols}"
}

@article{Eardley:1973br,
    author = "Eardley, D. M. and Lee, D. L. and Lightman, A. P. and Wagoner, R. V. and Will, C. M.",
    title = "{Gravitational-wave observations as a tool for testing relativistic gravity}",
    doi = "10.1103/PhysRevLett.30.884",
    journal = "Phys. Rev. Lett.",
    volume = "30",
    pages = "884--886",
    year = "1973"
}

@article{Eardley:1973zuo,
    author = "Eardley, D. M. and Lee, D. L. and Lightman, A. P.",
    title = "{Gravitational-wave observations as a tool for testing relativistic gravity}",
    doi = "10.1103/PhysRevD.8.3308",
    journal = "Phys. Rev. D",
    volume = "8",
    pages = "3308--3321",
    year = "1973"
}

@article{LIGOScientific:2017ycc,
    author = "Abbott, B. P. and others",
    collaboration = "LIGO Scientific, Virgo",
    title = "{GW170814: A Three-Detector Observation of Gravitational Waves from a Binary Black Hole Coalescence}",
    eprint = "1709.09660",
    archivePrefix = "arXiv",
    primaryClass = "gr-qc",
    doi = "10.1103/PhysRevLett.119.141101",
    journal = "Phys. Rev. Lett.",
    volume = "119",
    number = "14",
    pages = "141101",
    year = "2017"
}

@article{LIGOScientific:2018dkp,
    author = "Abbott, B. P. and others",
    collaboration = "LIGO Scientific, Virgo",
    title = "{Tests of General Relativity with GW170817}",
    eprint = "1811.00364",
    archivePrefix = "arXiv",
    primaryClass = "gr-qc",
    reportNumber = "LIGO-P1800059",
    doi = "10.1103/PhysRevLett.123.011102",
    journal = "Phys. Rev. Lett.",
    volume = "123",
    number = "1",
    pages = "011102",
    year = "2019"
}

@article{LIGOScientific:2019fpa,
    author = "Abbott, B. P. and others",
    collaboration = "LIGO Scientific, Virgo",
    title = "{Tests of General Relativity with the Binary Black Hole Signals from the LIGO-Virgo Catalog GWTC-1}",
    eprint = "1903.04467",
    archivePrefix = "arXiv",
    primaryClass = "gr-qc",
    reportNumber = "LIGO-P1800316",
    doi = "10.1103/PhysRevD.100.104036",
    journal = "Phys. Rev. D",
    volume = "100",
    number = "10",
    pages = "104036",
    year = "2019"
}

@article{Isi:2015cva,
    author = "Isi, Maximiliano and Weinstein, Alan J. and Mead, Carver and Pitkin, Matthew",
    title = "{Detecting Beyond-Einstein Polarizations of Continuous Gravitational Waves}",
    eprint = "1502.00333",
    archivePrefix = "arXiv",
    primaryClass = "gr-qc",
    reportNumber = "LIGO-P1400169",
    doi = "10.1103/PhysRevD.91.082002",
    journal = "Phys. Rev. D",
    volume = "91",
    number = "8",
    pages = "082002",
    year = "2015"
}

@article{Callister:2017ocg,
    author = "Callister, Thomas and Biscoveanu, A. Sylvia and Christensen, Nelson and Isi, Maximiliano and Matas, Andrew and Minazzoli, Olivier and Regimbau, Tania and Sakellariadou, Mairi and Tasson, Jay and Thrane, Eric",
    title = "{Polarization-based Tests of Gravity with the Stochastic Gravitational-Wave Background}",
    eprint = "1704.08373",
    archivePrefix = "arXiv",
    primaryClass = "gr-qc",
    reportNumber = "LIGO-DCC-P1700059, KCL-REPORT-NUMBER-KCL-PH-TH-2017-25, LIGO-DCC\#-P1700059",
    doi = "10.1103/PhysRevX.7.041058",
    journal = "Phys. Rev. X",
    volume = "7",
    number = "4",
    pages = "041058",
    year = "2017"
}

@article{Takeda:2020tjj,
    author = "Takeda, Hiroki and Morisaki, Soichiro and Nishizawa, Atsushi",
    title = "{Pure polarization test of GW170814 and GW170817 using waveforms consistent with modified theories of gravity}",
    eprint = "2010.14538",
    archivePrefix = "arXiv",
    primaryClass = "gr-qc",
    reportNumber = "LIGO-P2000406-v2",
    doi = "10.1103/PhysRevD.103.064037",
    journal = "Phys. Rev. D",
    volume = "103",
    number = "6",
    pages = "064037",
    year = "2021"
}

@article{Haster:2020yrh,
    author = "Haster, Carl-Johan",
    title = "{Constraining Gravitational Wave Polarization with GW190521 and ZTF19abanrhr}",
    doi = "10.3847/2515-5172/abcb99",
    journal = "Res. Notes AAS",
    volume = "4",
    number = "11",
    pages = "209",
    year = "2020"
}

@misc{Isi:2017fbj,
    author = "Isi, Maximiliano and Weinstein, Alan J.",
    title = "{Probing gravitational wave polarizations with signals from compact binary coalescences}",
    eprint = "1710.03794",
    archivePrefix = "arXiv",
    primaryClass = "gr-qc",
    reportNumber = "LIGO-P1700276",
    month = "10",
    year = "2017"
}

@article{Cornish:2017oic,
    author = "Cornish, Neil J. and O'Beirne, Logan and Taylor, Stephen R. and Yunes, Nicol\'as",
    title = "{Constraining alternative theories of gravity using pulsar timing arrays}",
    eprint = "1712.07132",
    archivePrefix = "arXiv",
    primaryClass = "gr-qc",
    doi = "10.1103/PhysRevLett.120.181101",
    journal = "Phys. Rev. Lett.",
    volume = "120",
    number = "18",
    pages = "181101",
    year = "2018"
}